<?xml version="1.0" encoding="UTF-8"?><collection xmlns="http://www.loc.gov/MARC21/slim"><record><leader>00498nam--2200169-i-4500</leader><controlfield tag="001">000015341</controlfield><controlfield tag="002">20161230</controlfield><controlfield tag="005">20161230201031</controlfield><controlfield tag="008">060222s1000------------r-----000-0-eng-d</controlfield><datafield ind1=" " ind2=" " tag="040"><subfield code="a">IFIN-HH</subfield></datafield><datafield ind1=" " ind2=" " tag="080"><subfield code="a">62(038)</subfield></datafield><datafield ind1="1" ind2=" " tag="100"><subfield code="a">Bojin, Dionisie</subfield></datafield><datafield ind1="1" ind2="0" tag="245"><subfield code="a">Dictionar elementar de tehnica moderna. energetica, electrotehnica</subfield><subfield code="c">Dionisie bojin (coordonator)</subfield></datafield><datafield ind1=" " ind2=" " tag="260"><subfield code="a">Bucuresti</subfield><subfield code="b">Editura Stiintifica Si Enciclopedica</subfield><subfield code="c">1984</subfield></datafield><datafield ind1=" " ind2=" " tag="300"><subfield code="a">234P</subfield></datafield><datafield ind1=" " ind2=" " tag="852"><subfield code="a">D.612</subfield><subfield code="c">SLT</subfield></datafield><datafield ind1=" " ind2=" " tag="CAT"><subfield code="a">Sys</subfield><subfield code="c">20130227</subfield><subfield code="h">132233</subfield></datafield></record></collection>